@misc{county_population_data,
    author = {},
    title = {{County Population Data}},
    howpublished = {\url{https://geoportal.statistics.gov.uk/datasets/4832bb99c4844971b111739be44f1bc5_0/explore?location=52.747048%2C0.003210%2C7.76&showTable=true}},
    year = {},
    note = {[Accessed 29-Mar-2023]},
}

@misc{city_population_data,
    author = {},
    title = {{Population of Cities in the UK}},
    howpublished = {\url{https://worldpopulationreview.com/countries/cities/united-kingdom}},
    year = {},
    note = {[Accessed 29-Mar-2023]},
}

@misc{ttwa_boundary_data,
    author = {},
    title = {{Travel-to-Work Areas Boundary Data}},
    howpublished = {\url{https://geoportal.statistics.gov.uk/datasets/7e6f5db8adec4bb984a99a2d91fcf3f4_0/explore}},
    year = {},
    note = {[Accessed 29-Mar-2023]},
}
